@misc{openai2023structuredoutputs,
  author       = {OpenAI},
  title        = {Introducing Structured Outputs in the API},
  year         = {2023},
  howpublished = {\url{https://openai.com/index/introducing-structured-outputs-in-the-api/}},
  note         = {Accessed: 2024-09-23}
}